<?xml version="1.0" encoding="UTF-8"?><record xmlns="http://www.loc.gov/MARC21/slim" xmlns:cinclude="http://apache.org/cocoon/include/1.0" xmlns:zs="http://www.loc.gov/zing/srw/">
  <leader>00395cz  a2200121n  4500</leader>
  <controlfield tag="001">n  84021778 </controlfield>
  <controlfield tag="003">DLC</controlfield>
  <controlfield tag="005">20141209065001.0</controlfield>
  <controlfield tag="008">840501n| azannaab           |n aaa      </controlfield>
  <datafield tag="010" ind1=" " ind2=" ">
    <subfield code="a">n  84021778 </subfield>
  </datafield>
  <datafield tag="040" ind1=" " ind2=" ">
    <subfield code="a">DLC</subfield>
    <subfield code="b">eng</subfield>
    <subfield code="e">rda</subfield>
    <subfield code="c">DLC</subfield>
    <subfield code="d">DLC</subfield>
  </datafield>
  <datafield tag="100" ind1="1" ind2=" ">
    <subfield code="a">Stegemoller, Alan L.</subfield>
  </datafield>
  <datafield tag="670" ind1=" " ind2=" ">
    <subfield code="a">Purdum, J. J. C programmer's library, c1984:</subfield>
    <subfield code="b">t.p. (Alan L. Stegemoller) p. iii (consulting engineer for Microsonics, Inc.)</subfield>
  </datafield>
</record>